@mics{ProbDecib,
author = "Kim Branner and Xiao Chen and Philipp Ulrich Haselbach",
title = {\textit{Project2. Design of a new bridge deck}},
year = {2018}
}

@Book{IntroSW,
	author = "Dan Zenkert",
	title = {\textit{An Introduction to Sandwich Structures}},
	publisher="DTU Mechanical Engineering",
	year ="2016",
	edition = "Student Edition"
}